Date,Description,Debit,Credit,Balance
01-01-2024,UPI-GROCERY,450.00,0.00,20000.00
03-01-2024,UPI-TEA-STALL,20.00,0.00,19980.00
12-01-2024,ZOMATO,340.00,0.00,19640.00
15-01-2024,UPI-RENT,10000.00,0.00,9640.00
02-02-2024,UPI-GROCERY,320.00,0.00,9320.00
04-02-2024,UPI-TEA-STALL,20.00,0.00,9300.00
14-02-2024,ZOMATO,150.00,0.00,9150.00
15-02-2024,UPI-RENT,10000.00,0.00,25000.00
05-03-2024,UPI-GROCERY,600.00,0.00,24400.00
10-03-2024,UPI-TEA-STALL,20.00,0.00,24380.00
